@inproceedings{covington2016deep,
  title={Deep neural networks for youtube recommendations},
  author={Covington, Paul and Adams, Jay and Sargin, Emre},
  booktitle={Proceedings of the 10th ACM conference on recommender systems},
  pages={191--198},
  year={2016}
}

@article{beuscart2019algorithmes,
  title={Les algorithmes de recommandation musicale et l’autonomie de l’auditeur},
  author={Beuscart, Jean-Samuel and Coavoux, Samuel and Maillard, Sisley},
  journal={R{\'e}seaux},
  volume={213},
  number={1},
  pages={17--47},
  year={2019},
  publisher={La D{\'e}couverte}
}

@article{benbouzid2020cadran,
  title={Le cadran de la visibilit{\'e} de la sphere m{\'e}diatique et politique sur YouTube},
  author={Benbouzid, Bilel and Gauthier, Emma and Ramaciotti, Pedro and Roudier, Bertrand and Venturini, Tommaso},
  year={2020}
}

@inproceedings{wiard2019qui,
  title={"{\guillemotleft}Ce qui est filtr{\'e}, ce qu’on me propose{\guillemotright}: Analyse exploratoire de l’influence des algorithmes de recommandation sur la formation des opinions des jeunes bruxellois},
  author={Wiard, Victor and Mercenier, Heidi and Dufrasne, Marie and Claes, Arnaud and Philippette, Thibault},
  booktitle={Digital Society Conference},
  year={2019}
}

@article{mckelvey2022portee,
  title={La port{\'e}e explicative des algorithmes dans les m{\'e}dias.},
  author={McKelvey, Fenwck and Dandurand, Guillaume},
  year={2022}
}

@article{tufekci2018youtube,
  title={YouTube, the great radicalizer},
  author={Tufekci, Zeynep},
  journal={The New York Times},
  volume={10},
  number={3},
  pages={2018},
  year={2018}
}


@inproceedings{Bastin2021,
  title={Etude des systèmes de recommandations et mise en pratique des algorithmes},
  author={Bastin, Jérémy},
  booktitle={Master en sciences de gestion},
  url={ http://hdl.handle.net/2268.2/11045},
  year={2021}
}